<record><leader>00000cas a2200000 a 4500</leader><controlfield tag="001">37684646</controlfield><controlfield tag="008">970925d19041927miuwr n       0    0ger c</controlfield><datafield ind1=" " ind2=" " tag="010"><subfield code="a">sn 97063357 </subfield></datafield><datafield ind1=" " ind2=" " tag="040"><subfield code="a">MHN</subfield><subfield code="b">eng</subfield><subfield code="c">MHN</subfield><subfield code="d">OCL</subfield><subfield code="d">OCLCQ</subfield><subfield code="d">OCLCF</subfield><subfield code="d">OCLCO</subfield></datafield><datafield ind1="1" ind2=" " tag="029"><subfield code="a">AU@</subfield><subfield code="b">000013497126</subfield></datafield><datafield ind1="0" ind2=" " tag="041"><subfield code="a">gereng</subfield></datafield><datafield ind1=" " ind2=" " tag="042"><subfield code="a">pcc</subfield></datafield><datafield ind1=" " ind2=" " tag="043"><subfield code="a">n-us-mi</subfield></datafield><datafield ind1="0" ind2=" " tag="130"><subfield code="a">Washtenaw Post (Ann Arbor, Mich. : 1904)</subfield></datafield><datafield ind1="1" ind2="4" tag="245"><subfield code="a">Die Washtenaw Post.</subfield></datafield><datafield ind1=" " ind2=" " tag="260"><subfield code="a">Ann Arbor, Washtenaw County, Mich. :</subfield><subfield code="b">Hebler &amp; Sohn</subfield></datafield><datafield ind1=" " ind2=" " tag="300"><subfield code="a">v.</subfield></datafield><datafield ind1=" " ind2=" " tag="310"><subfield code="a">Weekly</subfield></datafield><datafield ind1="0" ind2=" " tag="362"><subfield code="a">-v. 10, no. 45 (Sept. 8, 1927).</subfield></datafield><datafield ind1="1" ind2=" " tag="362"><subfield code="a">Began in 1904?</subfield></datafield><datafield ind1=" " ind2=" " tag="515"><subfield code="a">Issue called: Vol. 10, no. 17 (Feb. 10, 1927) but constitutes v. 10, no. 15. Issue called: Vol. 10, no. 32 (June 16, 1927) but constitutes v. 10, no. 33.</subfield></datafield><datafield ind1=" " ind2=" " tag="546"><subfield code="a">In German and English. Only English starting with Jan. 3, 1918 issue.</subfield></datafield><datafield ind1=" " ind2=" " tag="588"><subfield code="a">Description based on: 36 Jahr., nr. 29 (13 Sept. 1917).</subfield></datafield><datafield ind1=" " ind2="0" tag="651"><subfield code="a">Ann Arbor (Mich.)</subfield><subfield code="v">Newspapers.</subfield></datafield><datafield ind1=" " ind2="0" tag="651"><subfield code="a">Washtenaw County (Mich.)</subfield><subfield code="v">Newspapers.</subfield></datafield><datafield ind1=" " ind2="7" tag="655"><subfield code="a">Newspapers.</subfield><subfield code="2">fast</subfield><subfield code="0">(OCoLC)fst01423814</subfield></datafield><datafield ind1=" " ind2="7" tag="651"><subfield code="a">Michigan</subfield><subfield code="z">Ann Arbor.</subfield><subfield code="2">fast</subfield><subfield code="0">(OCoLC)fst01204587</subfield></datafield><datafield ind1=" " ind2="7" tag="651"><subfield code="a">Michigan</subfield><subfield code="z">Washtenaw County.</subfield><subfield code="2">fast</subfield><subfield code="0">(OCoLC)fst01214739</subfield></datafield><datafield ind1=" " ind2=" " tag="752"><subfield code="a">United States</subfield><subfield code="b">Michigan</subfield><subfield code="c">Washtenaw</subfield><subfield code="d">Ann Arbor.</subfield></datafield><datafield ind1="0" ind2="0" tag="780"><subfield code="t">Neue Washtenaw Post</subfield><subfield code="w">(DLC)sn 97063356</subfield><subfield code="w">(OCoLC)37671096</subfield></datafield><datafield ind1="0" ind2="0" tag="785"><subfield code="t">Washtenaw County tribune</subfield><subfield code="w">(DLC)sn 98066128</subfield><subfield code="w">(OCoLC)38922801</subfield></datafield></record>